% Place your bibtex and biblatex entries here

@book{felger1985people,
  title={People of the desert and sea: Ethnobotany of the {Seri Indians}},
  author={Felger, Richard Stephen and Moser, Mary Beck},
  year={1985},
  publisher={University of Arizona Press},
  address={Tucson},
}

@article{ezcurra2016coastal,
  title={Coastal landforms and accumulation of mangrove peat increase carbon sequestration and storage},
  author={Ezcurra, Paula and Ezcurra, Exequiel and Garcill{\'a}n, Pedro P and Costa, Matthew T and Aburto-Oropeza, Octavio},
  journal={Proceedings of the National Academy of Sciences},
  volume={113},
  number={16},
  pages={4404--4409},
  year={2016},
  publisher={National Academy of Sciences}
}

@online{pew2015internettime,
   author = {{Pew Research Center}},
   title = {Internet use over time},
   Howpublished={Data Trends},
   year = {2015},
   URL={www.pewinternet.org/data-trend/internet-use/internet-use-over-time},
   note = {Accessed: 2015.10.22},
}